%
% References
%

@online{crosswordtools,
  author = {{Crossword Tools}},
  title  = {Clue Solver},
  month  = {October},
  year   = {2013},
  url    = "http://www.crosswordtools.com/cm/"
}

@online{crypticsolver,
  author = {{Cryptic Solver}},
  title  = {Solver},
  month  = {October},
  year   = {2013},
  url    = "http://cryptic-solver.appspot.com/"
}

@online{oneacross,
  author = {{One Across}},
  title  = {Crossword Puzzle Help},
  month  = {October},
  year   = {2013},
  url    = "http://www.oneacross.com/"
}

@article{dospinescu13,
  Author  = {DOSPINESCU, Octavian and PERCA, Marian},
  ISSN    = {14531305},
  Journal = {Informatica Economica},
  Number  = {2},
  Pages   = {17 - 26},
  Title   = {Web Services in Mobile Applications.},
  Volume  = {17},
  Year    = {2013}
}

@article{gershon04,
  author  = {Gershon, Gary},
  title   = {Web Services},
  journal = {e-Doc Magazine},
  year    = {2004}
}

@article{sullivan01,
  author  = {Sullivan, Tom},
  ISSN    = {01996649},
  Journal = {InfoWorld},
  Number  = {11},
  Pages   = {38},
  Title   = {Web services.},
  Volume  = {23},
  Year    = {2001}
}

@book{kalin13,
  author    = {Kalin, Martin},
  title     = {Java Web Services: Up and Running},
  publisher = {O'Reilly Media},
  edition   = {second},
  year      = {2013}
}

@book{knott_dawson99,
  author     = {R.P. Knott and R.J. Dawson},
  title      = {Software Project Management},
  publisher  = {Group D Publications Ltd},
  year       = {1999}
}

@book{elliott04,
  author     = {Prof Geoffrey Elliott},
  title      = {Global Business Information Technology: An Integrated Systems Approach},
  publisher  = {Addison Wesley},
  edition    = {first},
  year       = {2004}
}

@inbook{cadle10,
  author     = {James Cadle and Malcolm Eva and Keith Hindle and Debra Paul
                and Craig Rollaston and Dot Tudor and Donald Yeates},
  title      = {Business Analysis},
  publisher  = {British Computer Society},
  edition    = {second},
  year       = {2010}
}

@book{dawson09,
  author     = {Christian W. Dawson},
  title      = {Projects in Computing and Information Systems: A Student's Guide},
  publisher  = {Addison Wesley},
  edition    = {second},
  year       = {2009}
}


@online{istqb10,
  author = {{ISTQB Exam Certification}},
  title  = {What is RAD model- advantages, disadvantages and when to use it?},
  month  = {October},
  year   = {2013},
  url    = {http://istqbexamcertification.com/
  what-is-rad-model-advantages-disadvantages-and-when-to-use-it/}
}

@online{collins04,
  author  = {Collins, John},
  title   = {Languages, Natural and Formal},
  month   = {September},
  year    = {2004},
  url     = {http://www.uea.ac.uk/~j108/languages.htm}
}

@book{jiang10,
  author    = {Jiang, Tao; Li, Ming; Ravikumar, Bala; Regan, Kenneth W.},
  title     = {Algorithms and theory of computation handbook},
  publisher = {Chapman \& Hall},
  year      = {2010}
}

@book{bird09,
  author    = {Bird, Steven},
  title     = {Natural Language Processing with Python},
  publisher = {O'Reilley Media, Inc.},
  year      = {2009}
}

@online{apache13,
  author  = {{Apache}},
  title   = {Apache OpenNLP Developer Documentation},
  month   = {October},
  year    = {2013},
  url     = {http://opennlp.apache.org/documentation/1.5.3/manual/opennlp.html\#tools.sentdetect}
}

@online{mccluskey99,
  author  = {McCluskey, Thomas Leo},
  title   = {CHA 2555 - ARTIFICIAL INTELLIGENCE},
  month   = {January},
  year    = {1999},
  url     = {http://helios.hud.ac.uk/scomtlm/cha2555/lecture13\_18.ppt}
}

@online{litman03,
  author  = {Litman, Diane},
  title   = {CS 1573: Artificial Intelligence Application Development (Spring 2003)},
  month   = {February},
  year    = {2003},
  url     = {http://people.cs.pitt.edu/~litman/courses/cs1573s03/lec/chunking.ppt}
}

@online{gordius03,
  author  = {{Gordius}},
  title   = {Cryptic crossword No 22,717},
  month   = {January},
  year    = {2003},
  url     = {http://www.theguardian.com/crosswords/cryptic/22717}
}

@online{nltkproject12,
  author  = {{NLTK Project}},
  title   = {NLTK 2.0 documentation},
  month   = {November},
  year    = {2012},
  url     = {http://nltk.org/data.html}
}

@online{halpern13,
  author = {Halpern, John},
  title = {Cryptic crossword No 26,091},
  month = {October},
  year = {2013},
  url = {http://www.theguardian.com/crosswords/cryptic/26091}
}